@misc{sample,
	title = {Researcher Development Framework},
	url = {www.vitae.ac.uk/rdf},
	publisher = {Careers Research and Advisory Centre Limited},
	author = {{Vitae}},
	date = {2011-04-02},
	file = {Researcher-Development-Framework-RDF-Vitae.pdf:/home/bbarker/Zotero/storage/DLT88GPX/Researcher-Development-Framework-RDF-Vitae.pdf:application/pdf}
}

@ARTICLE{An2008,
   author = {{An}, D. and {Johnson}, J.~A. and {Clem}, J.~L. and {Yanny}, B. and 
	{Rockosi}, C.~M. and {Morrison}, H.~L. and {Harding}, P. and 
	{Gunn}, J.~E. and {Allende Prieto}, C. and {Beers}, T.~C. and 
	{Cudworth}, K.~M. and {Ivans}, I.~I. and {Ivezi{\'c}}, {\v Z}. and 
	{Lee}, Y.~S. and {Lupton}, R.~H. and {Bizyaev}, D. and {Brewington}, H. and 
	{Malanushenko}, E. and {Malanushenko}, V. and {Oravetz}, D. and 
	{Pan}, K. and {Simmons}, A. and {Snedden}, S. and {Watters}, S. and 
	{York}, D.~G.},
    title = "{Galactic Globular and Open Clusters in the Sloan Digital Sky Survey. I. Crowded-Field Photometry and Cluster Fiducial Sequences in ugriz}",
  journal = {The Astrophysical Journal Supplement},
archivePrefix = "arXiv",
   eprint = {0808.0001},
 keywords = {globular clusters: general, Hertzsprung-Russell diagram, open clusters and associations: general, stars: evolution, surveys},
     year = 2008,
    month = dec,
   volume = 179,
    pages = {326-354},
      doi = {10.1086/592090},
   adsurl = {http://adsabs.harvard.edu/abs/2008ApJS..179..326A},
  adsnote = {Provided by the SAO/NASA Astrophysics Data System}
}

@ARTICLE{Slesnick2002,
   author = {{Slesnick}, C.~L. and {Hillenbrand}, L.~A. and {Massey}, P.},
    title = "{The Star Formation History and Mass Function of the Double Cluster h and {$\chi$} Persei}",
  journal = {The Astrophysical Journal},
   eprint = {astro-ph/0205130},
 keywords = {Galaxy: Open Clusters and Associations: Individual: NGC Number: NGC 869, Galaxy: Open Clusters and Associations: Individual: NGC Number: NGC 884, Stars: Early-Type, Stars: Luminosity Function, Mass Function},
     year = 2002,
    month = sep,
   volume = 576,
    pages = {880-893},
      doi = {10.1086/341865},
   adsurl = {http://adsabs.harvard.edu/abs/2002ApJ...576..880S},
  adsnote = {Provided by the SAO/NASA Astrophysics Data System}
}

@ARTICLE{DurrellHarris1993,
   author = {{Durrell}, P.~R. and {Harris}, W.~E.},
    title = "{A color-magnitude study of the globular cluster M15}",
  journal = {Astronomical Journal},
 keywords = {Brightness Distribution, Color-Magnitude Diagram, Globular Clusters, Star Distribution, Stellar Luminosity, Astronomical Models, Distance, Helium, Metallicity, Milky Way Galaxy, Stellar Evolution, Subdwarf Stars},
     year = 1993,
    month = apr,
   volume = 105,
    pages = {1420-1440},
      doi = {10.1086/116521},
   adsurl = {http://adsabs.harvard.edu/abs/1993AJ....105.1420D},
  adsnote = {Provided by the SAO/NASA Astrophysics Data System}
}

@ARTICLE{Currie2010,
   author = {{Currie}, T. and {Hernandez}, J. and {Irwin}, J. and {Kenyon}, S.~J. and 
	{Tokarz}, S. and {Balog}, Z. and {Bragg}, A. and {Berlind}, P. and 
	{Calkins}, M.},
    title = "{The Stellar Population of h and {$\chi$} Persei: Cluster Properties, Membership, and the Intrinsic Colors and Temperatures of Stars}",
  journal = {The Astrophysical Journal Supplement},
archivePrefix = "arXiv",
   eprint = {0911.5514},
 primaryClass = "astro-ph.SR",
 keywords = {open clusters and associations: individual: NGC 869 NGC 884, stars: pre-main sequence},
     year = 2010,
    month = feb,
   volume = 186,
    pages = {191-221},
      doi = {10.1088/0067-0049/186/2/191},
   adsurl = {http://adsabs.harvard.edu/abs/2010ApJS..186..191C},
  adsnote = {Provided by the SAO/NASA Astrophysics Data System}
}

@ARTICLE{Schlafly2011,
       author = {{Schlafly}, Edward F. and {Finkbeiner}, Douglas P.},
        title = "{Measuring Reddening with Sloan Digital Sky Survey Stellar Spectra and Recalibrating SFD}",
      journal = {\apj},
     keywords = {dust, extinction, Galaxy: stellar content, ISM: clouds, Astrophysics - Galaxy Astrophysics},
         year = 2011,
        month = aug,
       volume = {737},
       number = {2},
          eid = {103},
        pages = {103},
          doi = {10.1088/0004-637X/737/2/103},
archivePrefix = {arXiv},
       eprint = {1012.4804},
 primaryClass = {astro-ph.GA},
       adsurl = {https://ui.adsabs.harvard.edu/abs/2011ApJ...737..103S},
      adsnote = {Provided by the SAO/NASA Astrophysics Data System}
}

@ARTICLE{Dotter2008,
       author = {{Dotter}, Aaron and {Chaboyer}, Brian and {Jevremovi{\'c}}, Darko and {Kostov}, Veselin and {Baron}, E. and {Ferguson}, Jason W.},
        title = "{The Dartmouth Stellar Evolution Database}",
      journal = {\apjs},
     keywords = {globular clusters: general, open clusters and associations: general, stars: evolution, Astrophysics},
         year = 2008,
        month = sep,
       volume = {178},
       number = {1},
        pages = {89-101},
          doi = {10.1086/589654},
archivePrefix = {arXiv},
       eprint = {0804.4473},
 primaryClass = {astro-ph},
       adsurl = {https://ui.adsabs.harvard.edu/abs/2008ApJS..178...89D},
      adsnote = {Provided by the SAO/NASA Astrophysics Data System}
}



